@article{Chen2008AFA,
  title={A fixed-parameter algorithm for the directed feedback vertex set problem},
  author={Jianer Chen and Yang Liu and Songjian Lu and Barry O’Sullivan and Igor Razgon},
  journal={J. ACM},
  year={2008},
  volume={55},
  pages={21:1-21:19}
}

@phdthesis{lemaic2008markov,
  title={Markov-Chain-Based Heuristics for the Feedback Vertex Set Problem for Digraphs},
  url = {https://kups.ub.uni-koeln.de/2547/1/Dissertation.pdf},
  author={Lemaic, Mile},
  year={2008},
  school={Universit{\"a}t zu K{\"o}ln}
}

@article{diestel,
  title={Graph theory 3rd ed},
  author={Diestel, Reinhard},
  journal={Graduate texts in mathematics},
  volume={173},
  year={2005}
}

@inproceedings{Hespe2020WeGotYouCoveredTW,
  title={WeGotYouCovered: The Winning Solver from the PACE 2019 Challenge, Vertex Cover Track},
  author={Demian Hespe and Sebastian Lamm and Christian Schulz and Darren Strash},
  booktitle={CSC},
  year={2020}
}

@inbook{pg21satreduce,
	author = {Rick Plachetta and Alexander van der Grinten},
	title = {SAT-and-Reduce for Vertex Cover: Accelerating Branch-and-Reduce by SAT Solving},
	booktitle = {2021 Proceedings of the Symposium on Algorithm Engineering and Experiments (ALENEX)},
	chapter = {},
	pages = {169-180},
	doi = {10.1137/1.9781611976472.13}
}

@article{Cai2013NuMVCAE,
author = {Cai, Shaowei and Su, Kaile and Luo, Chuan and Sattar, Abdul},
title = {NuMVC: An Efficient Local Search Algorithm for Minimum Vertex Cover},
year = {2013},
url = {https://dl.acm.org/doi/10.5555/2512538.2512555},
issue_date = {January 2013},
publisher = {AI Access Foundation},
address = {El Segundo, CA, USA},
volume = {46},
number = {1},
issn = {1076-9757},
journal = {J. Artif. Int. Res.},
month = {jan},
pages = {687–716},
numpages = {30}
}

@article{Fomin2009MeasureAndConquer,
author = {Fomin, Fedor V. and Grandoni, Fabrizio and Kratsch, Dieter},
title = {A Measure \& Conquer Approach for the Analysis of Exact Algorithms},
year = {2009},
issue_date = {August 2009},
publisher = {Association for Computing Machinery},
address = {New York, NY, USA},
volume = {56},
number = {5},
issn = {0004-5411},
url = {https://doi.org/10.1145/1552285.1552286},
doi = {10.1145/1552285.1552286},
journal = {J. ACM},
month = {aug},
articleno = {25},
numpages = {32},
keywords = {Dominating set, exact algorithm, independent set}
}